
      <record>
         <leader>00000nz  a2200169   4500</leader>
         <controlfield tag="001">30003996</controlfield>
         <controlfield tag="003">RISM</controlfield>
         <controlfield tag="005">20160216</controlfield>
         <controlfield tag="008">160216n||az|||||||##########||||||||||||</controlfield>
         <datafield tag="040" ind1=" " ind2=" ">
            <subfield code="a">HR-Cb</subfield>
         </datafield>
         <datafield tag="043" ind1=" " ind2=" ">
            <subfield code="c">XA-HR</subfield>
         </datafield>
         <datafield tag="110" ind1="2" ind2=" ">
            <subfield code="a">Bogišićeva knjižnica, arhiv i zbirka</subfield>
            <subfield code="c">Cavtat</subfield>
            <subfield code="g">HR-Cb</subfield>
         </datafield>
         <datafield tag="622" ind1=" " ind2=" ">
            <subfield code="e">Bogišićeva knjižnica, arhiv i zbirka, Knežev dvor, 50210 Cavtat, Croatia</subfield>
         </datafield>
      </record>