
      <record>
         <leader>00000nz  a2200169   4500</leader>
         <controlfield tag="001">30003998</controlfield>
         <controlfield tag="003">RISM</controlfield>
         <controlfield tag="005">20160216</controlfield>
         <controlfield tag="008">160216n||az|||||||##########||||||||||||</controlfield>
         <datafield tag="040" ind1=" " ind2=" ">
            <subfield code="a">HR-CRm</subfield>
         </datafield>
         <datafield tag="043" ind1=" " ind2=" ">
            <subfield code="c">XA-HR</subfield>
         </datafield>
         <datafield tag="110" ind1="2" ind2=" ">
            <subfield code="a">Župna crkva sv. Marije od snijega</subfield>
            <subfield code="c">Cres</subfield>
            <subfield code="g">HR-CRm</subfield>
         </datafield>
         <datafield tag="410" ind1="2" ind2=" ">
            <subfield code="a">Župni ured katedrale sv. Marije od snjega, arhiv</subfield>
         </datafield>
         <datafield tag="622" ind1=" " ind2=" ">
            <subfield code="e">Župna crkva sv. Marije od snijega, Soldatićeva 16, 51557 Cres, Croatia</subfield>
         </datafield>
      </record>