
      <record>
         <leader>00000nz  a2200169   4500</leader>
         <controlfield tag="001">30004001</controlfield>
         <controlfield tag="003">RISM</controlfield>
         <controlfield tag="005">20160216</controlfield>
         <controlfield tag="008">160216n||az|||||||##########||||||||||||</controlfield>
         <datafield tag="040" ind1=" " ind2=" ">
            <subfield code="a">HR-Dk</subfield>
         </datafield>
         <datafield tag="043" ind1=" " ind2=" ">
            <subfield code="c">XA-HR</subfield>
         </datafield>
         <datafield tag="110" ind1="2" ind2=" ">
            <subfield code="a">Katedralski glazbeni arhiv</subfield>
            <subfield code="c">Dubrovnik</subfield>
            <subfield code="g">HR-Dk</subfield>
         </datafield>
         <datafield tag="410" ind1="2" ind2=" ">
            <subfield code="a">Cathedral Music Archives</subfield>
         </datafield>
         <datafield tag="622" ind1=" " ind2=" ">
            <subfield code="e">Katedralski glazbeni arhiv, Biskupski ordinarijat, Poljana M. Držića 3, 50000 Dubrovnik, Croatia</subfield>
         </datafield>
      </record>