
      <record>
         <leader>00000nz  a2200169   4500</leader>
         <controlfield tag="001">30004068</controlfield>
         <controlfield tag="003">RISM</controlfield>
         <controlfield tag="005">20160216</controlfield>
         <controlfield tag="008">160216n||az|||||||##########||||||||||||</controlfield>
         <datafield tag="040" ind1=" " ind2=" ">
            <subfield code="a">HR-Hczkb</subfield>
         </datafield>
         <datafield tag="043" ind1=" " ind2=" ">
            <subfield code="c">XA-HR</subfield>
         </datafield>
         <datafield tag="110" ind1="2" ind2=" ">
            <subfield code="a">Centar za zaštitu kulturne baštine</subfield>
            <subfield code="c">Hvar</subfield>
            <subfield code="g">HR-Hczkb</subfield>
         </datafield>
         <datafield tag="622" ind1=" " ind2=" ">
            <subfield code="e">Centar za zaštitu kulturne baštine, 58450 Hvar, Croatia</subfield>
         </datafield>
      </record>