
      <record>
         <leader>00000nz  a2200169   4500</leader>
         <controlfield tag="001">30077543</controlfield>
         <controlfield tag="003">RISM</controlfield>
         <controlfield tag="005">20160216</controlfield>
         <controlfield tag="008">160216n||az|||||||##########||||||||||||</controlfield>
         <datafield tag="040" ind1=" " ind2=" ">
            <subfield code="a">HR-Hgzm</subfield>
         </datafield>
         <datafield tag="043" ind1=" " ind2=" ">
            <subfield code="c">HR</subfield>
         </datafield>
         <datafield tag="110" ind1="2" ind2=" ">
            <subfield code="a">Glazbena zbirka Muzeja hvarske baštine</subfield>
            <subfield code="c">Hvar</subfield>
            <subfield code="g">HR-Hgzm</subfield>
         </datafield>
         <datafield tag="622" ind1=" " ind2=" ">
            <subfield code="e">Glazbena zbirka Muzeja hvarske baštine, Hanibala Lucića b.b., 21450 Hvar, Croatia</subfield>
            <subfield code="u">http://mhb.mdc.hr/index.aspx</subfield>
         </datafield>
      </record>