
      <record>
         <leader>00000nz  a2200169   4500</leader>
         <controlfield tag="001">30004013</controlfield>
         <controlfield tag="003">RISM</controlfield>
         <controlfield tag="005">20160216</controlfield>
         <controlfield tag="008">160216n||az|||||||##########||||||||||||</controlfield>
         <datafield tag="040" ind1=" " ind2=" ">
            <subfield code="a">HR-KAf</subfield>
         </datafield>
         <datafield tag="043" ind1=" " ind2=" ">
            <subfield code="c">XA-HR</subfield>
         </datafield>
         <datafield tag="110" ind1="2" ind2=" ">
            <subfield code="a">Franjevački samostan sv. Eufemije</subfield>
            <subfield code="c">Kampor</subfield>
            <subfield code="g">HR-KAf</subfield>
         </datafield>
         <datafield tag="622" ind1=" " ind2=" ">
            <subfield code="e">Franjevački samostan sv. Eufemije, P.O.B. 28, 51280 Kampor, Croatia</subfield>
         </datafield>
      </record>