
      <record>
         <leader>00000nz  a2200169   4500</leader>
         <controlfield tag="001">30006447</controlfield>
         <controlfield tag="003">RISM</controlfield>
         <controlfield tag="005">20160216</controlfield>
         <controlfield tag="008">160216n||az|||||||##########||||||||||||</controlfield>
         <datafield tag="040" ind1=" " ind2=" ">
            <subfield code="a">HR-KPm</subfield>
         </datafield>
         <datafield tag="043" ind1=" " ind2=" ">
            <subfield code="c">XA-HR</subfield>
         </datafield>
         <datafield tag="110" ind1="2" ind2=" ">
            <subfield code="a">Muzej Grada Koprivnice</subfield>
            <subfield code="c">Koprivnica</subfield>
            <subfield code="g">HR-KPm</subfield>
         </datafield>
         <datafield tag="622" ind1=" " ind2=" ">
            <subfield code="e">Muzej Grada, Trg dr. Leandera Brozovicá 1, 48000 Koprivnica, Croatia</subfield>
            <subfield code="u">http://www.koprivnica.hr/kulturapovijest/muzeji.asp</subfield>
         </datafield>
      </record>