
      <record>
         <leader>00000nz  a2200169   4500</leader>
         <controlfield tag="001">30004006</controlfield>
         <controlfield tag="003">RISM</controlfield>
         <controlfield tag="005">20160216</controlfield>
         <controlfield tag="008">160216n||az|||||||##########||||||||||||</controlfield>
         <datafield tag="040" ind1=" " ind2=" ">
            <subfield code="a">HR-KRk</subfield>
         </datafield>
         <datafield tag="043" ind1=" " ind2=" ">
            <subfield code="c">XA-HR</subfield>
         </datafield>
         <datafield tag="110" ind1="2" ind2=" ">
            <subfield code="a">Katedralni arhiv</subfield>
            <subfield code="c">Krk</subfield>
            <subfield code="g">HR-KRk</subfield>
         </datafield>
         <datafield tag="622" ind1=" " ind2=" ">
            <subfield code="e">Katedralni arhiv, Župni ured, Ulica Jugoslavenske narodne,  armije 10, 51500 Krk, Croatia</subfield>
         </datafield>
      </record>