
      <record>
         <leader>00000nz  a2200169   4500</leader>
         <controlfield tag="001">30003927</controlfield>
         <controlfield tag="003">RISM</controlfield>
         <controlfield tag="005">20160216</controlfield>
         <controlfield tag="008">160216n||az|||||||##########||||||||||||</controlfield>
         <datafield tag="040" ind1=" " ind2=" ">
            <subfield code="a">HR-OMf</subfield>
         </datafield>
         <datafield tag="043" ind1=" " ind2=" ">
            <subfield code="c">XA-HR</subfield>
         </datafield>
         <datafield tag="110" ind1="2" ind2=" ">
            <subfield code="a">Franjevački samostan</subfield>
            <subfield code="c">Omiš</subfield>
            <subfield code="g">HR-OMf</subfield>
         </datafield>
         <datafield tag="410" ind1="2" ind2=" ">
            <subfield code="a">Franciscan Monastery</subfield>
         </datafield>
         <datafield tag="622" ind1=" " ind2=" ">
            <subfield code="e">Franjevački samostan, P. put Skalica 8, 58310 Omiš, Croatia</subfield>
         </datafield>
      </record>