
      <record>
         <leader>00000nz  a2200169   4500</leader>
         <controlfield tag="001">30000156</controlfield>
         <controlfield tag="003">RISM</controlfield>
         <controlfield tag="005">20160216</controlfield>
         <controlfield tag="008">160216n||az|||||||##########||||||||||||</controlfield>
         <datafield tag="040" ind1=" " ind2=" ">
            <subfield code="a">HR-OSf</subfield>
         </datafield>
         <datafield tag="043" ind1=" " ind2=" ">
            <subfield code="c">XA-HR</subfield>
         </datafield>
         <datafield tag="110" ind1="2" ind2=" ">
            <subfield code="a">Franjevački samostan - OFM</subfield>
            <subfield code="c">Osijek</subfield>
            <subfield code="g">HR-OSf</subfield>
         </datafield>
         <datafield tag="622" ind1=" " ind2=" ">
            <subfield code="e">Franjevački samostan - OFM, Trg Vatroslava Lisinskog 3, 54000 Osijek, Croatia</subfield>
         </datafield>
      </record>