
      <record>
         <leader>00000nz  a2200169   4500</leader>
         <controlfield tag="001">30004010</controlfield>
         <controlfield tag="003">RISM</controlfield>
         <controlfield tag="005">20160216</controlfield>
         <controlfield tag="008">160216n||az|||||||##########||||||||||||</controlfield>
         <datafield tag="040" ind1=" " ind2=" ">
            <subfield code="a">HR-OSk</subfield>
         </datafield>
         <datafield tag="043" ind1=" " ind2=" ">
            <subfield code="c">XA-HR</subfield>
         </datafield>
         <datafield tag="110" ind1="2" ind2=" ">
            <subfield code="a">Kapucinski samostan</subfield>
            <subfield code="c">Osijek</subfield>
            <subfield code="g">HR-OSk</subfield>
         </datafield>
         <datafield tag="622" ind1=" " ind2=" ">
            <subfield code="e">Kapucinski samostan, Bulevard Jugoslavenske narodne armije 41, 54000 Osijek, Croatia</subfield>
         </datafield>
      </record>