
      <record>
         <leader>00000nz  a2200169   4500</leader>
         <controlfield tag="001">30004074</controlfield>
         <controlfield tag="003">RISM</controlfield>
         <controlfield tag="005">20160216</controlfield>
         <controlfield tag="008">160216n||az|||||||##########||||||||||||</controlfield>
         <datafield tag="040" ind1=" " ind2=" ">
            <subfield code="a">HR-POv</subfield>
         </datafield>
         <datafield tag="043" ind1=" " ind2=" ">
            <subfield code="c">XA-HR</subfield>
         </datafield>
         <datafield tag="110" ind1="2" ind2=" ">
            <subfield code="a">Arhiv hrvatskog pjevačkog društva Vijenac</subfield>
            <subfield code="c">Požega</subfield>
            <subfield code="g">HR-POv</subfield>
         </datafield>
         <datafield tag="622" ind1=" " ind2=" ">
            <subfield code="e">Arhiv hrvatskog pjevačkog društva,  Vijenac, N. Demonje 1 (Muzej požeške kotline), 55300 Požega, Croatia</subfield>
         </datafield>
      </record>