
      <record>
         <leader>00000nz  a2200169   4500</leader>
         <controlfield tag="001">30004011</controlfield>
         <controlfield tag="003">RISM</controlfield>
         <controlfield tag="005">20160216</controlfield>
         <controlfield tag="008">160216n||az|||||||##########||||||||||||</controlfield>
         <datafield tag="040" ind1=" " ind2=" ">
            <subfield code="a">HR-PUsk</subfield>
         </datafield>
         <datafield tag="043" ind1=" " ind2=" ">
            <subfield code="c">XA-HR</subfield>
         </datafield>
         <datafield tag="110" ind1="2" ind2=" ">
            <subfield code="a">Sveučilišna knjižnica</subfield>
            <subfield code="c">Pula</subfield>
            <subfield code="g">HR-PUsk</subfield>
         </datafield>
         <datafield tag="410" ind1="2" ind2=" ">
            <subfield code="a">Naučna biblioteka</subfield>
         </datafield>
         <datafield tag="622" ind1=" " ind2=" ">
            <subfield code="e">Sveučilišna knjižnica, Matije Gupca 2, 52000 Pula, Croatia</subfield>
         </datafield>
      </record>