
      <record>
         <leader>00000nz  a2200169   4500</leader>
         <controlfield tag="001">30004012</controlfield>
         <controlfield tag="003">RISM</controlfield>
         <controlfield tag="005">20160216</controlfield>
         <controlfield tag="008">160216n||az|||||||##########||||||||||||</controlfield>
         <datafield tag="040" ind1=" " ind2=" ">
            <subfield code="a">HR-R</subfield>
         </datafield>
         <datafield tag="043" ind1=" " ind2=" ">
            <subfield code="c">XA-HR</subfield>
         </datafield>
         <datafield tag="110" ind1="2" ind2=" ">
            <subfield code="a">Župna crkva</subfield>
            <subfield code="c">Rab</subfield>
            <subfield code="g">HR-R</subfield>
         </datafield>
         <datafield tag="410" ind1="2" ind2=" ">
            <subfield code="a">Župni ured</subfield>
         </datafield>
         <datafield tag="622" ind1=" " ind2=" ">
            <subfield code="e">Župna crkva, Ulica Vladimira Gortana 6, 51280 Rab, Croatia</subfield>
         </datafield>
      </record>