
      <record>
         <leader>00000nz  a2200169   4500</leader>
         <controlfield tag="001">30004073</controlfield>
         <controlfield tag="003">RISM</controlfield>
         <controlfield tag="005">20160216</controlfield>
         <controlfield tag="008">160216n||az|||||||##########||||||||||||</controlfield>
         <datafield tag="040" ind1=" " ind2=" ">
            <subfield code="a">HR-RIo</subfield>
         </datafield>
         <datafield tag="043" ind1=" " ind2=" ">
            <subfield code="c">XA-HR</subfield>
         </datafield>
         <datafield tag="110" ind1="2" ind2=" ">
            <subfield code="a">Opera, Arhiv Hrvatskog narodnog kazališta</subfield>
            <subfield code="c">Rijeka</subfield>
            <subfield code="g">HR-RIo</subfield>
         </datafield>
         <datafield tag="622" ind1=" " ind2=" ">
            <subfield code="e">Opera, Arhiv Hrvatskog narodnog,  kazališta, A. Negri 1, 51000 Rijeka, Croatia</subfield>
         </datafield>
      </record>