
      <record>
         <leader>00000nz  a2200169   4500</leader>
         <controlfield tag="001">30004050</controlfield>
         <controlfield tag="003">RISM</controlfield>
         <controlfield tag="005">20160216</controlfield>
         <controlfield tag="008">160216n||az|||||||##########||||||||||||</controlfield>
         <datafield tag="040" ind1=" " ind2=" ">
            <subfield code="a">HR-RIpm</subfield>
         </datafield>
         <datafield tag="043" ind1=" " ind2=" ">
            <subfield code="c">XA-HR</subfield>
         </datafield>
         <datafield tag="110" ind1="2" ind2=" ">
            <subfield code="a">Pomorski i povijesni muzej Hrvatskog primorja</subfield>
            <subfield code="c">Rijeka</subfield>
            <subfield code="g">HR-RIpm</subfield>
         </datafield>
         <datafield tag="622" ind1=" " ind2=" ">
            <subfield code="e">Pomorski i povijesni muzej Hrvatskog,  primorja, Ulica žrtava fašizma 18, 51000 Rijeka, Croatia</subfield>
         </datafield>
      </record>