
      <record>
         <leader>00000nz  a2200169   4500</leader>
         <controlfield tag="001">30002559</controlfield>
         <controlfield tag="003">RISM</controlfield>
         <controlfield tag="005">20160216</controlfield>
         <controlfield tag="008">160216n||az|||||||##########||||||||||||</controlfield>
         <datafield tag="040" ind1=" " ind2=" ">
            <subfield code="a">HR-SGpoliteo</subfield>
         </datafield>
         <datafield tag="043" ind1=" " ind2=" ">
            <subfield code="c">XA-HR</subfield>
         </datafield>
         <datafield tag="110" ind1="2" ind2=" ">
            <subfield code="a">Zbirka Ing. Ivo Politeo</subfield>
            <subfield code="c">Starigrad</subfield>
            <subfield code="g">HR-SGpoliteo</subfield>
         </datafield>
         <datafield tag="622" ind1=" " ind2=" ">
            <subfield code="e">Zbirka Ing. Ivo Politeo, Tvrdalj, 58460 Starigrad, Croatia</subfield>
         </datafield>
      </record>