
      <record>
         <leader>00000nz  a2200169   4500</leader>
         <controlfield tag="001">30002557</controlfield>
         <controlfield tag="003">RISM</controlfield>
         <controlfield tag="005">20160216</controlfield>
         <controlfield tag="008">160216n||az|||||||##########||||||||||||</controlfield>
         <datafield tag="040" ind1=" " ind2=" ">
            <subfield code="a">HR-Sm</subfield>
         </datafield>
         <datafield tag="043" ind1=" " ind2=" ">
            <subfield code="c">XA-HR</subfield>
         </datafield>
         <datafield tag="110" ind1="2" ind2=" ">
            <subfield code="a">Muzej grada Splita</subfield>
            <subfield code="c">Split</subfield>
            <subfield code="g">HR-Sm</subfield>
         </datafield>
         <datafield tag="410" ind1="2" ind2=" ">
            <subfield code="a">City Museum of Split</subfield>
         </datafield>
         <datafield tag="622" ind1=" " ind2=" ">
            <subfield code="e">Muzej grada Splita, Papalićeva 1, 21000 Split, Croatia</subfield>
         </datafield>
      </record>