
      <record>
         <leader>00000nz  a2200169   4500</leader>
         <controlfield tag="001">30004051</controlfield>
         <controlfield tag="003">RISM</controlfield>
         <controlfield tag="005">20160216</controlfield>
         <controlfield tag="008">160216n||az|||||||##########||||||||||||</controlfield>
         <datafield tag="040" ind1=" " ind2=" ">
            <subfield code="a">HR-SMm</subfield>
         </datafield>
         <datafield tag="043" ind1=" " ind2=" ">
            <subfield code="c">XA-HR</subfield>
         </datafield>
         <datafield tag="110" ind1="2" ind2=" ">
            <subfield code="a">Samoborski muzej</subfield>
            <subfield code="c">Samobor</subfield>
            <subfield code="g">HR-SMm</subfield>
         </datafield>
         <datafield tag="622" ind1=" " ind2=" ">
            <subfield code="e">Samoborski muzej, Livadićeva 7, 41430 Samobor, Croatia</subfield>
         </datafield>
      </record>