
      <record>
         <leader>00000nz  a2200169   4500</leader>
         <controlfield tag="001">30002558</controlfield>
         <controlfield tag="003">RISM</controlfield>
         <controlfield tag="005">20160216</controlfield>
         <controlfield tag="008">160216n||az|||||||##########||||||||||||</controlfield>
         <datafield tag="040" ind1=" " ind2=" ">
            <subfield code="a">HR-Ssf</subfield>
         </datafield>
         <datafield tag="043" ind1=" " ind2=" ">
            <subfield code="c">XA-HR</subfield>
         </datafield>
         <datafield tag="110" ind1="2" ind2=" ">
            <subfield code="a">Samostan franjevaca konventualaca</subfield>
            <subfield code="c">Split</subfield>
            <subfield code="g">HR-Ssf</subfield>
         </datafield>
         <datafield tag="410" ind1="2" ind2=" ">
            <subfield code="a">Samostan SV. Frane</subfield>
         </datafield>
         <datafield tag="410" ind1="2" ind2=" ">
            <subfield code="a">Knjižnica samostana sv. Frane</subfield>
         </datafield>
         <datafield tag="622" ind1=" " ind2=" ">
            <subfield code="e">Samostan franjevaca konventualaca, 58000 Split, Croatia</subfield>
         </datafield>
      </record>