
      <record>
         <leader>00000nz  a2200169   4500</leader>
         <controlfield tag="001">30004027</controlfield>
         <controlfield tag="003">RISM</controlfield>
         <controlfield tag="005">20160216</controlfield>
         <controlfield tag="008">160216n||az|||||||##########||||||||||||</controlfield>
         <datafield tag="040" ind1=" " ind2=" ">
            <subfield code="a">HR-Tb</subfield>
         </datafield>
         <datafield tag="043" ind1=" " ind2=" ">
            <subfield code="c">XA-HR</subfield>
         </datafield>
         <datafield tag="110" ind1="2" ind2=" ">
            <subfield code="a">Benediktinski samostan sv. Nikole</subfield>
            <subfield code="c">Trogir</subfield>
            <subfield code="g">HR-Tb</subfield>
         </datafield>
         <datafield tag="622" ind1=" " ind2=" ">
            <subfield code="e">Benediktinski samostan sv. Nikole, Gradska ulica 2, 58220  Trogir, Croatia</subfield>
         </datafield>
      </record>