
      <record>
         <leader>00000nz  a2200169   4500</leader>
         <controlfield tag="001">30004007</controlfield>
         <controlfield tag="003">RISM</controlfield>
         <controlfield tag="005">20160216</controlfield>
         <controlfield tag="008">160216n||az|||||||##########||||||||||||</controlfield>
         <datafield tag="040" ind1=" " ind2=" ">
            <subfield code="a">HR-VBv</subfield>
         </datafield>
         <datafield tag="043" ind1=" " ind2=" ">
            <subfield code="c">XA-HR</subfield>
         </datafield>
         <datafield tag="110" ind1="2" ind2=" ">
            <subfield code="a">Biblioteka Vitezić</subfield>
            <subfield code="c">Vrbnik</subfield>
            <subfield code="g">HR-VBv</subfield>
         </datafield>
         <datafield tag="622" ind1=" " ind2=" ">
            <subfield code="e">Biblioteka Vitezić, Zadružni dom, 51516 Vrbnik, Croatia</subfield>
         </datafield>
      </record>