
      <record>
         <leader>00000nz  a2200169   4500</leader>
         <controlfield tag="001">30002563</controlfield>
         <controlfield tag="003">RISM</controlfield>
         <controlfield tag="005">20160216</controlfield>
         <controlfield tag="008">160216n||az|||||||##########||||||||||||</controlfield>
         <datafield tag="040" ind1=" " ind2=" ">
            <subfield code="a">HR-Vsn</subfield>
         </datafield>
         <datafield tag="043" ind1=" " ind2=" ">
            <subfield code="c">XA-HR</subfield>
         </datafield>
         <datafield tag="110" ind1="2" ind2=" ">
            <subfield code="a">Župna crkva sv. Nikole, arhiv</subfield>
            <subfield code="c">Varaždin</subfield>
            <subfield code="g">HR-Vsn</subfield>
         </datafield>
         <datafield tag="622" ind1=" " ind2=" ">
            <subfield code="e">Župna crkva sv. Nikole, arhiv, Trg slobode 11, 42000 Varaždin, Croatia</subfield>
         </datafield>
      </record>