
      <record>
         <leader>00000nz  a2200169   4500</leader>
         <controlfield tag="001">30002573</controlfield>
         <controlfield tag="003">RISM</controlfield>
         <controlfield tag="005">20160216</controlfield>
         <controlfield tag="008">160216n||az|||||||##########||||||||||||</controlfield>
         <datafield tag="040" ind1=" " ind2=" ">
            <subfield code="a">HR-ZAh</subfield>
         </datafield>
         <datafield tag="043" ind1=" " ind2=" ">
            <subfield code="c">XA-HR</subfield>
         </datafield>
         <datafield tag="110" ind1="2" ind2=" ">
            <subfield code="a">Povijesni arhiv</subfield>
            <subfield code="c">Zadar</subfield>
            <subfield code="g">HR-ZAh</subfield>
         </datafield>
         <datafield tag="410" ind1="2" ind2=" ">
            <subfield code="a">Historijski arhiv</subfield>
         </datafield>
         <datafield tag="622" ind1=" " ind2=" ">
            <subfield code="e">Povijesni arhiv, Žrtava fašizma bb, 57000 Zadar, Croatia</subfield>
         </datafield>
      </record>