
      <record>
         <leader>00000nz  a2200169   4500</leader>
         <controlfield tag="001">30000160</controlfield>
         <controlfield tag="003">RISM</controlfield>
         <controlfield tag="005">20160216</controlfield>
         <controlfield tag="008">160216n||az|||||||##########||||||||||||</controlfield>
         <datafield tag="040" ind1=" " ind2=" ">
            <subfield code="a">HR-Zha</subfield>
         </datafield>
         <datafield tag="043" ind1=" " ind2=" ">
            <subfield code="c">XA-HR</subfield>
         </datafield>
         <datafield tag="110" ind1="2" ind2=" ">
            <subfield code="a">Zbirka Don Nikole Udina Algarotti</subfield>
            <subfield code="c">Zagreb</subfield>
            <subfield code="g">HR-Zha</subfield>
         </datafield>
         <datafield tag="410" ind1="2" ind2=" ">
            <subfield code="a">Udina-Algarotti Collection</subfield>
         </datafield>
         <datafield tag="580" ind1=" " ind2=" ">
            <subfield code="x">HR-Zh</subfield>
            <subfield code="0">30002567</subfield>
         </datafield>
      </record>