
      <record>
         <leader>00000nz  a2200169   4500</leader>
         <controlfield tag="001">30079406</controlfield>
         <controlfield tag="003">RISM</controlfield>
         <controlfield tag="005">20160216</controlfield>
         <controlfield tag="008">160216n||az|||||||##########||||||||||||</controlfield>
         <datafield tag="040" ind1=" " ind2=" ">
            <subfield code="a">HR-Zhpm</subfield>
         </datafield>
         <datafield tag="043" ind1=" " ind2=" ">
            <subfield code="c">HR</subfield>
         </datafield>
         <datafield tag="110" ind1="2" ind2=" ">
            <subfield code="a">Hrvatski povijesni muzej - HPM</subfield>
            <subfield code="c">Zagreb</subfield>
            <subfield code="g">HR-Zhpm</subfield>
         </datafield>
         <datafield tag="622" ind1=" " ind2=" ">
            <subfield code="e">Hrvatski povijesni muzej, Matoševa ulica br. 9, 10 000 Zagreb, Croatia</subfield>
            <subfield code="u">http://www.hismus.hr/hr/</subfield>
         </datafield>
      </record>