
      <record>
         <leader>00000nz  a2200169   4500</leader>
         <controlfield tag="001">30004062</controlfield>
         <controlfield tag="003">RISM</controlfield>
         <controlfield tag="005">20160216</controlfield>
         <controlfield tag="008">160216n||az|||||||##########||||||||||||</controlfield>
         <datafield tag="040" ind1=" " ind2=" ">
            <subfield code="a">HR-Zrtv</subfield>
         </datafield>
         <datafield tag="043" ind1=" " ind2=" ">
            <subfield code="c">XA-HR</subfield>
         </datafield>
         <datafield tag="110" ind1="2" ind2=" ">
            <subfield code="a">Arhiv Hrvatske radio-televizije</subfield>
            <subfield code="c">Zagreb</subfield>
            <subfield code="g">HR-Zrtv</subfield>
         </datafield>
         <datafield tag="410" ind1="2" ind2=" ">
            <subfield code="a">Arhiv RTV (Radio and Television Archives)</subfield>
         </datafield>
         <datafield tag="622" ind1=" " ind2=" ">
            <subfield code="e">Arhiv Hrvatske radio-televizije, Jurišičeva 4, 41000 Zagreb, Croatia</subfield>
         </datafield>
      </record>