
      <record>
         <leader>00000nz  a2200169   4500</leader>
         <controlfield tag="001">30077542</controlfield>
         <controlfield tag="003">RISM</controlfield>
         <controlfield tag="005">20160216</controlfield>
         <controlfield tag="008">160216n||az|||||||##########||||||||||||</controlfield>
         <datafield tag="040" ind1=" " ind2=" ">
            <subfield code="a">HR-Zzoz</subfield>
         </datafield>
         <datafield tag="043" ind1=" " ind2=" ">
            <subfield code="c">HR</subfield>
         </datafield>
         <datafield tag="110" ind1="2" ind2=" ">
            <subfield code="a">Zbirka Oratorijskog zbora crkve Sv. Marka</subfield>
            <subfield code="c">Zagreb</subfield>
            <subfield code="g">HR-Zzoz</subfield>
         </datafield>
         <datafield tag="622" ind1=" " ind2=" ">
            <subfield code="e">Zbirka Oratorijskog zbora crkve Sv.,  Marka, Trg Sv. Marka 5, 10000 Zagreb, Croatia</subfield>
            <subfield code="u">http://www.facebook.com/pages/Oratorijski-zbor-Crkve-svMarka/104141522983031</subfield>
         </datafield>
      </record>