
      <record>
         <leader>00000nz  a2200169   4500</leader>
         <controlfield tag="001">30004043</controlfield>
         <controlfield tag="003">RISM</controlfield>
         <controlfield tag="005">20160216</controlfield>
         <controlfield tag="008">160216n||az|||||||##########||||||||||||</controlfield>
         <datafield tag="040" ind1=" " ind2=" ">
            <subfield code="a">HR-Čm</subfield>
         </datafield>
         <datafield tag="043" ind1=" " ind2=" ">
            <subfield code="c">XA-HR</subfield>
         </datafield>
         <datafield tag="110" ind1="2" ind2=" ">
            <subfield code="a">Muzej Medimurja</subfield>
            <subfield code="c">Čakovec</subfield>
            <subfield code="g">HR-Čm</subfield>
         </datafield>
         <datafield tag="622" ind1=" " ind2=" ">
            <subfield code="e">Muzej Medimurja, Trg republike 5, 42300 Čakovec, Croatia</subfield>
         </datafield>
      </record>