
      <record>
         <leader>00000nz  a2200169   4500</leader>
         <controlfield tag="001">30004025</controlfield>
         <controlfield tag="003">RISM</controlfield>
         <controlfield tag="005">20160216</controlfield>
         <controlfield tag="008">160216n||az|||||||##########||||||||||||</controlfield>
         <datafield tag="040" ind1=" " ind2=" ">
            <subfield code="a">HR-ŠIBf</subfield>
         </datafield>
         <datafield tag="043" ind1=" " ind2=" ">
            <subfield code="c">XA-HR</subfield>
         </datafield>
         <datafield tag="110" ind1="2" ind2=" ">
            <subfield code="a">Samostan franjevaca konventualaca</subfield>
            <subfield code="c">Šibenik</subfield>
            <subfield code="g">HR-ŠIBf</subfield>
         </datafield>
         <datafield tag="410" ind1="2" ind2=" ">
            <subfield code="a">Samostan sv. Frane, knjižnica</subfield>
         </datafield>
         <datafield tag="622" ind1=" " ind2=" ">
            <subfield code="e">Samostan franjevaca konventualaca, Tomaseov trg 1, 59000 Šibenik, Croatia</subfield>
         </datafield>
      </record>
   </collection>

